@misc{vae,
Author = {Chin-Cheng Hsu and Hsin-Te Hwang and Yi-Chiao Wu and Yu Tsao and Hsin-Min Wang},
Title = {Voice Conversion from Non-parallel Corpora Using Variational Auto-encoder},
Year = {2016},
Eprint = {arXiv:1610.04019},
}
@misc{vawgan,
Author = {Chin-Cheng Hsu and Hsin-Te Hwang and Yi-Chiao Wu and Yu Tsao and Hsin-Min Wang},
Title = {Voice Conversion from Unaligned Corpora using Variational Autoencoding Wasserstein Generative Adversarial Networks},
Year = {2017},
Eprint = {arXiv:1704.00849},
}

@incollection{NIPS2015_5775,
title = {Learning Structured Output Representation using Deep Conditional Generative Models},
author = {Sohn, Kihyuk and Lee, Honglak and Yan, Xinchen},
booktitle = {Advances in Neural Information Processing Systems 28},
editor = {C. Cortes and N. D. Lawrence and D. D. Lee and M. Sugiyama and R. Garnett},
pages = {3483--3491},
year = {2015},
publisher = {Curran Associates, Inc.},
url = {http://papers.nips.cc/paper/5775-learning-structured-output-representation-using-deep-conditional-generative-models.pdf}
}

@article{arora2017asimple, 
	author = {Sanjeev Arora and Yingyu Liang and Tengyu Ma}, 
	title = {A Simple but Tough-to-Beat Baseline for Sentence Embeddings}, 
	booktitle = {International Conference on Learning Representations},
	year = {2017}
}

@article{bojanowski2016enriching,
  title={Enriching Word Vectors with Subword Information},
  author={Bojanowski, Piotr and Grave, Edouard and Joulin, Armand and Mikolov, Tomas},
  journal={arXiv preprint arXiv:1607.04606},
  year={2016}
}
@misc{wgan,
Author = {Martin Arjovsky and Soumith Chintala and LÃ©on Bottou},
Title = {Wasserstein GAN},
Year = {2017},
Eprint = {arXiv:1701.07875},
}
@article{DBLP:journals/corr/MerityXBS16,
  author    = {Stephen Merity and
               Caiming Xiong and
               James Bradbury and
               Richard Socher},
  title     = {Pointer Sentinel Mixture Models},
  journal   = {CoRR},
  volume    = {abs/1609.07843},
  year      = {2016},
  url       = {http://arxiv.org/abs/1609.07843},
  archivePrefix = {arXiv},
  eprint    = {1609.07843},
  timestamp = {Wed, 07 Jun 2017 14:42:14 +0200},
  biburl    = {http://dblp.org/rec/bib/journals/corr/MerityXBS16},
  bibsource = {dblp computer science bibliography, http://dblp.org}
}

